@book{cheng2020dahua,
  title={大话数据结构（溢彩加强版）},
  author={程杰},
  year={2020},
  publisher={清华大学出版社}
}

@book{sedgewick2011algorthims,
  title={Algorthims},
  author={SedgeWick, Robert and Wayne, Kevin},
  year={2011},
  edition="4th",
  publisher={Pearson Education}
}

@book{deng2013data,
  title={数据结构: C++ 语言版},
  author={邓俊辉},
  year={2013},
  edition="3rd",
  publisher={清华大学出版社}
}

@book{cormen2022introduction,
  title={Introduction to algorithms},
  author={Cormen, Thomas H and Leiserson, Charles E and Rivest, Ronald L and Stein, Clifford},
  year={2022},
  edition="4th",
  publisher={MIT press}
}

@book{knuth1997art,
  title={The Art of Computer Programming, Volumes 1-4A},
  author={Knuth, Donald E},
  year={1997-2011},
  publisher={Addison-Wesley Professional}
}

@book{goodrich2013data,
  title={Data structures and algorithms in Python},
  author={Goodrich, Michael T and Tamassia, Roberto and Goldwasser, Michael H},
  year={2013},
  publisher={John Wiley \& Sons Ltd}
}

@book{jeff2019algorithms,
  author    = {Jeff Erickson},
  title     = {Algorithms},
  year      = {2019},
  url       = {http://jeffe.cs.illinois.edu/teaching/algorithms/},
  isbn      = {978-1-792-64483-2},
  timestamp = {Wed, 26 Jun 2019 01:00:00 +0200},
  biburl    = {https://dblp.org/rec/books/x/E2019.bib},
  bibsource = {dblp computer science bibliography, https://dblp.org}
}